<?xml version="1.0" encoding="UTF-8"?><collection xmlns="http://www.loc.gov/MARC21/slim"><record><leader>00544nam--2200157-i-4500</leader><controlfield tag="001">000016691</controlfield><controlfield tag="002">20161230</controlfield><controlfield tag="005">20170111234046</controlfield><controlfield tag="008">060222s1000------------r-----000-0-eng-d</controlfield><datafield ind1=" " ind2=" " tag="080"><subfield code="a">539.17(083)</subfield></datafield><datafield ind1=" " ind2=" " tag="245"><subfield code="a">The index to literature and computer files on microscopic neutron data</subfield><subfield code="b">Published on behalf of USA National Nuclear Data Center USSR Nuclear Data Center NEA Data Bank IAEA Nuclear Data Section</subfield></datafield><datafield ind1=" " ind2=" " tag="260"><subfield code="a">Vienna</subfield><subfield code="b">Iaea</subfield><subfield code="c">1988</subfield></datafield><datafield ind1=" " ind2=" " tag="300"><subfield code="a">658 p.+a50</subfield></datafield><datafield ind1=" " ind2=" " tag="490"><subfield code="a">Cinda 88(1982-1988)</subfield></datafield><datafield ind1=" " ind2=" " tag="852"><subfield code="a">74648</subfield></datafield><datafield ind1=" " ind2=" " tag="CAT"><subfield code="a">SYS</subfield><subfield code="c">20170111</subfield><subfield code="h">234046</subfield></datafield></record></collection>